@misc{ bottle-py,
	title = "Bottle: Python Web Framework",
	howpublished = "\url{http://bottlepy.org/docs/dev/}",
	year = 2012
}

@misc{ webiopi,
	title = "webiopi - Raspberry Pi REST Framework to control GPIO and more",
	author = "Eric PTAK",
	howpublished = "\url{https://code.google.com/p/webiopi/}",
	year = 2013
}

@misc{ osi-model,
	title = "Introduction to Networking 2",
	author = "Colin S. Perkins",
	publisher = "University of Glasgow School of Computing Science",
	howpublished = "\url{http://csperkins.org/teaching/ns3/lecture02-intro.pdf}",
	year = 2013,
	month = mar
}

@misc{ raspbian,
	title = "Raspbian",
	howpublished = "\url{http://www.raspbian.org/}",
	year = 2013,
	month = mar
}

@misc{ hostapd,
	title = "hostapd: IEEE 802.11 AP, IEEE 802.1X/WPA/WPA2/EAP/RADIUS Authenticator",
	howpublished = "\url{http://hostap.epitest.fi/hostapd/}",
	author = "Jouni Malinen and contributers",
	year = 2013,
	month = mar
}

@misc{ dnsmasq,
	title = "Man page of DNSMASQ",
	howpublished = "\url{http://www.thekelleys.org.uk/dnsmasq/docs/dnsmasq-man.html}",
	author = "Simon Kelley",
	year = 2012,
	month = dec
}

@misc{ ip-standards,
	title = "IP Code",
	howpublished = "\url{http://en.wikipedia.org/wiki/IP_Code}",
	publisher = "Wikipedia",
	note = "Original ISO Standard ISO 20653:2013 is not freely available online.",
	year = 2013,
	month = mar
}

@misc{ pi-wifi-dongles,
	title = "",
	howpublished = "\url{}",
	year = 2013,
	month = mar
}

@misc{ posix-serial-programming,
	title = "Serial Programming Guide for POSIX Operating Systems, 5th Edition, 6th Revision",
	howpublished = "\url{http://www.easysw.com/~mike/serial/serial.html}",
	author = "Michael R. Sweet",
	year = 2005
}

@misc{ pi-tty,
	title = "",
	howpublished = "\url{}",
	year = 2013,
	month = mar
}

@misc{ pthread,
	title = "",
	howpublished = "\url{}",
	year = 2013,
	month = mar
}

@misc{ xbee-datasheet,
	title = "",
	howpublished = "\url{}",
	year = 2013,
	month = mar
}

@misc{ yacc,
	title = "",
	howpublished = "\url{}",
	year = 2013,
	month = mar
}

@misc{ ns3-coursework,
	title = "",
	howpublished = "\url{}",
	year = 2013,
	month = mar
}

@misc{ apache,
	title = "",
	howpublished = "\url{}",
	year = 2013,
	month = mar
}

@misc{ jquery,
	title = "",
	howpublished = "\url{}",
	year = 2013,
	month = mar
}

@misc{ json-spec,
	title = "",
	howpublished = "\url{}",
	year = 2013,
	month = mar
}


@misc{ someone,
	title = "something",
	howpublished = "\url{somewhere}",
	year = 2013,
	month = mar
}

