
Warning--I didn't find a database entry for "webiopi"
Warning--I didn't find a database entry for "osi-model"
Warning--I didn't find a database entry for "zigbee-datasheet"
Warning--I didn't find a database entry for "json-spec"
Warning--I didn't find a database entry for "ns3-webserver"
Warning--I didn't find a database entry for "raspbian"
Warning--I didn't find a database entry for "posix-serial-programming"
Warning--I didn't find a database entry for "jquery"

@book{Alice,
  author    = "Carroll, L.", 
  title     = "Alice's Adventures in Wonderland", 
  publisher = "Macmillan", 
  year      = "1865"
}

@misc{bottle-py,
	title = "Bottle: Python Web Framework",
	howpublished = "\url{http://bottlepy.org/docs/dev/}",
	year = "2013",
	month = mar
}
